% Encoding: UTF-8

@article{CHEN20092657,
title = {Influence of vibrational entropy on structural stability of Nb–Si and Mo–Si systems at elevated temperatures},
journal = {Acta Materialia},
volume = {57},
number = {9},
pages = {2657-2664},
year = {2009},
issn = {1359-6454},
author = {Yue Chen and T. Hammerschmidt and D.G. Pettifor and Jia-Xiang Shang and Yue Zhang},
}

@Article{Tang2023,
author={Tang, Yuchao
and Xiao, Bin
and Chen, Jianhui
and Liu, Fu
and Du, Wan
and Guo, Jing
and Liu, Yanjie
and Liu, Yi},
title={Multi-component Alloying Effects on the Stability and Mechanical Properties of Nb and Nb--Si Alloys: A First-Principles Study},
journal={Metallurgical and Materials Transactions A},
year={2023},
month={Feb},
day={01},
volume={54},
number={2},
pages={450-472},
issn={1543-1940},
}

@article{ZHU2023119062,
title = {Probing phase stability in CrMoNbV using cluster expansion method, CALPHAD calculations and experiments},
journal = {Acta Materialia},
volume = {255},
pages = {119062},
year = {2023},
issn = {1359-6454},
author = {Siya Zhu and Jibril Shittu and Aurelien Perron and Chiraag Nataraj and Joel Berry and Joseph T. McKeown and Axel van {de Walle} and Amit Samanta},
}

@Article{Yin2021,
author={Yin, Sheng
and Zuo, Yunxing
and Abu-Odeh, Anas
and Zheng, Hui
and Li, Xiang-Guo
and Ding, Jun
and Ong, Shyue Ping
and Asta, Mark
and Ritchie, Robert O.},
title={Atomistic simulations of dislocation mobility in refractory high-entropy alloys and the effect of chemical short-range order},
journal={Nature Communications},
year={2021},
month={Aug},
day={11},
volume={12},
number={1},
pages={4873},
issn={2041-1723},
}
